@unpublished{huang_ipv6_2014,
	location = {Arizona State University},
	title = {{IPv6}},
	abstract = {{IPv6} Basics	
§  {IPv6} Security Issues	
§  Mobile {IPv6}},
	author = {Huang, Dijiang},
	date = {2014},
	file = {IPv6 .pdf:/home/jwright/.zotero/zotero/0yc7gkp5.default/zotero/storage/AKMHFXIK/IPv6 .pdf:application/pdf}
}

@online{_toastdriven/django-tastypie_2014,
    author = {Daniel Lindsley},
	title = {toastdriven/django-tastypie},
	url = {https://github.com/toastdriven/django-tastypie},
	abstract = {django-tastypie - Creating delicious {APIs} for Django apps since 2010. v0.10.0},
	titleaddon = {{GitHub}},
	urldate = {2014-02-06},
    date = {2014},
	file = {Snapshot:files/445/index.html:text/html}
}

@online{_django_2014,
    author = {Adrian Holovaty},
	title = {Django},
	url = {https://github.com/django},
	abstract = {Build software better, together.},
    date = {2014},
	titleaddon = {{GitHub}},
	urldate = {2014-02-06},
	file = {Snapshot:files/447/django.html:text/html}
}

@online{_seshat_2014,
	title = {Seshat 0.3.1 : Python Package Index},
	url = {https://pypi.python.org/pypi/Seshat/},
	urldate = {2014-02-06},
	file = {Seshat 0.3.1 : Python Package Index:files/449/Seshat.html:text/html}
}

@online{_fritzy/sleekxmpp_2014,
	title = {{fritzy/SleekXMPP}},
	url = {https://github.com/fritzy/SleekXMPP},
	abstract = {{SleekXMPP} - Python 2.6+/3.1+ {XMPP} Library},
	titleaddon = {{GitHub}},
	urldate = {2014-02-06},
	file = {Snapshot:files/451/SleekXMPP.html:text/html}
}

@unpublished{elliando_dias_django_2014,
	title = {Django And Xmpp Bosh Writing A Real Time Web App},
	rights = {© All Rights Reserved},
	url = {http://www.slideshare.net/adorepump/django-and-xmpp-bosh-writing-a-real-time-web-app},
	author = {elliando dias},
	urldate = {2014-02-06}
}

@online{_twonds/punjab_2014,
    date = {2014},
    author = {Christopher Zorn},
	title = {twonds/punjab},
	url = {https://github.com/twonds/punjab},
	abstract = {punjab - {BOSH} connection manager},
	titleaddon = {{GitHub}},
	urldate = {2014-02-06},
	file = {Snapshot:files/454/punjab.html:text/html}
}

@online{paterson_bidirectional-streams_2010,
	title = {Bidirectional-streams Over Synchronous {HTTP} ({BOSH)}},
	rights = {This {XMPP} Extension Protocol is copyright © 1999 - 2013 by the {XMPP} Standards Foundation ({XSF).}},
	url = {http://xmpp.org/extensions/xep-0124.html},
	type = {{XMPP} Extension Protocol},
	author = {Paterson, Ian and Smith, Dave and Saint-Andre, Peter and Moffitt, Jack},
	urldate = {2014-02-06},
	date = {2010-07-02},
	langid = {english},
	file = {Snapshot:files/456/xep-0124.html:text/html}
}

@unpublished{adam_fortuna_xmpp_2011,
	title = {{XMPP} with {BOSH}},
	rights = {© All Rights Reserved},
	url = {http://www.slideshare.net/AdamFortuna/xmpp-with-bosh},
	abstract = {Interested in how you could use {XMPP} on the web? This presentation discusses some of the basics for using {BOSH} as a transport. This presentation was given at Izea and was Adobe Developers of Greater Orlando User-group.},
	author = {Adam Fortuna},
	urldate = {2014-02-06}
}

@online{_strophe_2014,
	title = {Strophe - libraries for {XMPP} poets},
	url = {http://strophe.im/},
	urldate = {2014-02-06},
	file = {Strophe - libraries for XMPP poets:files/459/strophe.im.html:text/html}
}

@online{_ejabberd,
    author = {Alexey Shchepin},
    date = {2006},
	title = {ejabberd Community Site {\textbar} the Erlang {Jabber/XMPP} daemon},
	url = {http://www.ejabberd.im/},
	urldate = {2014-02-06},
	file = {ejabberd Community Site | the Erlang Jabber/XMPP daemon:files/461/www.ejabberd.im.html:text/html}
}

@unpublished{steffen_larsen_xmpp,
	title = {{XMPP} Intro - The camp2012},
	rights = {All Rights Reserved},
	url = {http://www.slideshare.net/zooldk/the-camp2012-slides},
	abstract = {{XMPP} Intro that also involves more advanced topics like pub/sub, using components and plugins on the {XMPP} server side. 

The Last section covers recommendations of servers and how to install a full {XMPP} setup for a web scenario (using pure {HTML} and Strophe.js for client side).},
	author = {Steffen Larsen},
	urldate = {2014-02-06}
}

@online{_growers_oversight,
    author = {North Carolina Department of Agriculture \& Consumer Services},
	title = {Growers now have fertilizer, diesel cost information available {\textbar} Cotton content from Southeast Farm Press},
    date = {2013},
	url = {http://southeastfarmpress.com/cotton/north-carolina-report-will-track-fertilizer-diesel-costs-growers},
	urldate = {2014-03-08},
	file = {Growers now have fertilizer, diesel cost information available | Cotton content from Southeast Farm Press:C:\Users\Jeremy\AppData\Roaming\Zotero\Zotero\Profiles\hsc2x17t.default\zotero\storage\7Z3DCS45\north-carolina-report-will-track-fertilizer-diesel-costs-growers.html:text/html}
}
@online{_json_2014,
	title = {{JSON}},
    date = {2014},
	url = {http://www.json.org/},
	urldate = {2014-03-09},
	file = {JSON:C:\Users\Jeremy\AppData\Roaming\Zotero\Zotero\Profiles\xp9awzk5.default\zotero\storage\K8WVN7WV\www.json.org.html:text/html}
}
@online{rydell_totp_2011,
	title = {{TOTP:} Time-Based One-Time Password Algorithm},
	url = {http://tools.ietf.org/html/rfc6238},
	shorttitle = {{TOTP}},
	author = {Rydell, Johan and Pei, Mingliang and Machani, Salah},
	urldate = {2014-03-09},
    date = {2011},
	file = {Snapshot:C:\Users\Jeremy\AppData\Roaming\Zotero\Zotero\Profiles\xp9awzk5.default\zotero\storage\EGJQZHZV\rfc6238.html:text/html}
}
@online{ibm_best_2002,
    author = {Holt Adams},
	title = {Best practices for web services: Part 1, Back to the basics},
	rights = {© Copyright {IBM} Corporation 2002},
	url = {http://www.ibm.com/developerworks/webservices/library/ws-best1/index.html},
	shorttitle = {Best practices for web services},
	type = {{CT316}},
	urldate = {2014-03-09},
	date = {2002-10-01},
	langid = {english},
	keywords = {{SW666}, {TT700}},
	file = {Snapshot:C:\Users\Jeremy\AppData\Roaming\Zotero\Zotero\Profiles\xp9awzk5.default\zotero\storage\2NVMBTAD\index.html:text/html}
}
@online{_tpm_2013,
    author = {Gal Shpantzer},
	title = {Implementing Hardware Roots of Trust},
	url = {http://www.trustedcomputinggroup.org/files/temp/76882F9C-1A4B-B294-D09D38B918AD23D0/SANS%20Implementing%20Hardware%20Roots%20of%20Trust.pdf},
	publisher = {{SANS}},
	urldate = {2014-03-09},
	date = {2013-06}
}

