@unpublished{huang_ipv6_2014,
	location = {Arizona State University},
	title = {{IPv6}},
	abstract = {{IPv6} Basics	
§  {IPv6} Security Issues	
§  Mobile {IPv6}},
	author = {Huang, Dijiang},
	date = {2014},
	file = {IPv6 .pdf:/home/jwright/.zotero/zotero/0yc7gkp5.default/zotero/storage/AKMHFXIK/IPv6 .pdf:application/pdf}
}

@online{_toastdriven/django-tastypie_2014,
	title = {toastdriven/django-tastypie},
	url = {https://github.com/toastdriven/django-tastypie},
	abstract = {django-tastypie - Creating delicious {APIs} for Django apps since 2010. v0.10.0},
	titleaddon = {{GitHub}},
	urldate = {2014-02-06},
	file = {Snapshot:files/445/index.html:text/html}
}

@online{_django_2014,
	title = {Django},
	url = {https://github.com/django},
	abstract = {Build software better, together.},
	titleaddon = {{GitHub}},
	urldate = {2014-02-06},
	file = {Snapshot:files/447/django.html:text/html}
}

@online{_seshat_2014,
	title = {Seshat 0.3.1 : Python Package Index},
	url = {https://pypi.python.org/pypi/Seshat/},
	urldate = {2014-02-06},
	file = {Seshat 0.3.1 : Python Package Index:files/449/Seshat.html:text/html}
}

@online{_fritzy/sleekxmpp_2014,
	title = {{fritzy/SleekXMPP}},
	url = {https://github.com/fritzy/SleekXMPP},
	abstract = {{SleekXMPP} - Python 2.6+/3.1+ {XMPP} Library},
	titleaddon = {{GitHub}},
	urldate = {2014-02-06},
	file = {Snapshot:files/451/SleekXMPP.html:text/html}
}

@unpublished{elliando_dias_django_2014,
	title = {Django And Xmpp Bosh Writing A Real Time Web App},
	rights = {© All Rights Reserved},
	url = {http://www.slideshare.net/adorepump/django-and-xmpp-bosh-writing-a-real-time-web-app},
	author = {elliando dias},
	urldate = {2014-02-06}
}

@online{_twonds/punjab_2014,
	title = {twonds/punjab},
	url = {https://github.com/twonds/punjab},
	abstract = {punjab - {BOSH} connection manager},
	titleaddon = {{GitHub}},
	urldate = {2014-02-06},
	file = {Snapshot:files/454/punjab.html:text/html}
}

@online{paterson_bidirectional-streams_2010,
	title = {Bidirectional-streams Over Synchronous {HTTP} ({BOSH)}},
	rights = {This {XMPP} Extension Protocol is copyright © 1999 - 2013 by the {XMPP} Standards Foundation ({XSF).}},
	url = {http://xmpp.org/extensions/xep-0124.html},
	type = {{XMPP} Extension Protocol},
	author = {Paterson, Ian and Smith, Dave and Saint-Andre, Peter and Moffitt, Jack},
	urldate = {2014-02-06},
	date = {2010-07-02},
	langid = {english},
	file = {Snapshot:files/456/xep-0124.html:text/html}
}

@unpublished{adam_fortuna_xmpp_2011,
	title = {{XMPP} with {BOSH}},
	rights = {© All Rights Reserved},
	url = {http://www.slideshare.net/AdamFortuna/xmpp-with-bosh},
	abstract = {Interested in how you could use {XMPP} on the web? This presentation discusses some of the basics for using {BOSH} as a transport. This presentation was given at Izea and was Adobe Developers of Greater Orlando User-group.},
	author = {Adam Fortuna},
	urldate = {2014-02-06}
}

@online{_strophe_2014,
	title = {Strophe - libraries for {XMPP} poets},
	url = {http://strophe.im/},
	urldate = {2014-02-06},
	file = {Strophe - libraries for XMPP poets:files/459/strophe.im.html:text/html}
}

@online{_ejabberd,
	title = {ejabberd Community Site {\textbar} the Erlang {Jabber/XMPP} daemon},
	url = {http://www.ejabberd.im/},
	urldate = {2014-02-06},
	file = {ejabberd Community Site | the Erlang Jabber/XMPP daemon:files/461/www.ejabberd.im.html:text/html}
}

@unpublished{steffen_larsen_xmpp,
	title = {{XMPP} Intro - The camp2012},
	rights = {© All Rights Reserved},
	url = {http://www.slideshare.net/zooldk/the-camp2012-slides},
	abstract = {{XMPP} Intro that also involves more advanced topics like pub/sub, using components and plugins on the {XMPP} server side. 

The Last section covers recommendations of servers and how to install a full {XMPP} setup for a web scenario (using pure {HTML} and Strophe.js for client side).},
	author = {Steffen Larsen},
	urldate = {2014-02-06}
}

@online{_growers_oversight,
	title = {Growers now have fertilizer, diesel cost information available {\textbar} Cotton content from Southeast Farm Press},
	url = {http://southeastfarmpress.com/cotton/north-carolina-report-will-track-fertilizer-diesel-costs-growers},
	urldate = {2014-03-08},
	file = {Growers now have fertilizer, diesel cost information available | Cotton content from Southeast Farm Press:C:\Users\Jeremy\AppData\Roaming\Zotero\Zotero\Profiles\hsc2x17t.default\zotero\storage\7Z3DCS45\north-carolina-report-will-track-fertilizer-diesel-costs-growers.html:text/html}
}
