
@online{rfc3715,
	title = {{IPsec-Network} Address Translation ({NAT)} Compatibility Requirements},
	url = {http://tools.ietf.org/html/rfc3715},
	author = {Aboba, Bernard and Dixon, William},
	urldate = {2014-03-12},
	file = {Snapshot:C:\Users\Jeremy\AppData\Roaming\Zotero\Zotero\Profiles\hsc2x17t.default\zotero\storage\RI9HC7UH\rfc3715.html:text/html}
}

@online{rfc3947,
	title = {Negotiation of {NAT-Traversal} in the {IKE}},
	url = {http://tools.ietf.org/html/rfc3947},
	author = {{\textless}vvolpe@cisco.com{\textgreater}, Victor Volpe},
	urldate = {2014-03-12},
	file = {Snapshot:C:\Users\Jeremy\AppData\Roaming\Zotero\Zotero\Profiles\hsc2x17t.default\zotero\storage\6U3QFTDD\rfc3947.html:text/html}
}

@online{rfc3022,
	title = {Traditional {IP} Network Address Translator (Traditional {NAT)}},
	url = {http://tools.ietf.org/html/rfc3022},
	author = {Egevang, Kjeld Borch and Srisuresh, Pyda},
	urldate = {2014-03-12},
	file = {Snapshot:C:\Users\Jeremy\AppData\Roaming\Zotero\Zotero\Profiles\hsc2x17t.default\zotero\storage\SWEKTQR3\rfc3022.html:text/html}
}

@online{rfc3193,
	title = {Securing {L2TP} using {IPsec}},
	url = {http://tools.ietf.org/html/rfc3193},
	author = {Aboba, Bernard and Zorn, Glen and Booth, Skip and Dixon, William and Patel, Baiju V.},
	urldate = {2014-03-12},
	file = {Snapshot:C:\Users\Jeremy\AppData\Roaming\Zotero\Zotero\Profiles\hsc2x17t.default\zotero\storage\BE3ZBXNS\rfc3193.html:text/html}
}

@online{cisco_ipsec,
	title = {{IPSec} Overview Part Two: Modes and Transforms {\textgreater} Tunnel and Transport Modes},
	url = {http://www.ciscopress.com/articles/article.asp?p=25477},
	urldate = {2014-03-15},
	file = {IPSec Overview Part Two: Modes and Transforms > Tunnel and Transport Modes:C:\Users\Jeremy\AppData\Roaming\Zotero\Zotero\Profiles\hsc2x17t.default\zotero\storage\TI8ZD6SX\article.html:text/html}
}
@online{rfc4301,
	title = {Security Architecture for the Internet Protocol},
	url = {https://tools.ietf.org/html/rfc4301},
	author = {Seo, Karen and Kent, Stephen},
	urldate = {2014-03-15},
	file = {Snapshot:C:\Users\Jeremy\AppData\Roaming\Zotero\Zotero\Profiles\hsc2x17t.default\zotero\storage\TWB388G4\rfc4301.html:text/html}
}
@inreference{_osi_2014,
	title = {{OSI} protocols},
	rights = {Creative Commons Attribution-{ShareAlike} License},
	url = {http://en.wikipedia.org/w/index.php?title=OSI_protocols&oldid=593705554},
	abstract = {The Open Systems Interconnection ({OSI)} protocols are a family of information exchange standards developed jointly by the {ISO} and the {ITU-T} starting in 1977.},
	booktitle = {Wikipedia, the free encyclopedia},
	urldate = {2014-03-15},
	date = {2014-03-14},
	langid = {english},
	note = {Page Version {ID:} 593705554},
	file = {Snapshot:C:\Users\Jeremy\AppData\Roaming\Zotero\Zotero\Profiles\hsc2x17t.default\zotero\storage\TEGQWH8G\index.html:text/html}
}

@inreference{_generic_2014,
	title = {Generic Routing Encapsulation},
	rights = {Creative Commons Attribution-{ShareAlike} License},
	url = {http://en.wikipedia.org/w/index.php?title=Generic_Routing_Encapsulation&oldid=591752739},
	abstract = {Generic Routing Encapsulation ({GRE)} is a tunneling protocol developed by Cisco Systems that can encapsulate a wide variety of network layer protocols inside virtual point-to-point links over an Internet Protocol internetwork.},
	booktitle = {Wikipedia, the free encyclopedia},
	urldate = {2014-03-15},
	date = {2014-03-15},
	langid = {english},
	note = {Page Version {ID:} 591752739},
	file = {Snapshot:C:\Users\Jeremy\AppData\Roaming\Zotero\Zotero\Profiles\hsc2x17t.default\zotero\storage\4FJ85VEC\index.html:text/html}
}

@online{rfc2784,
	title = {Generic Routing Encapsulation ({GRE)}},
	url = {http://tools.ietf.org/html/rfc2784},
	author = {Hanks, Stan and Meyer, David and Farinacci, Dino and Traina, Paul},
	urldate = {2014-03-15},
	file = {Snapshot:C:\Users\Jeremy\AppData\Roaming\Zotero\Zotero\Profiles\hsc2x17t.default\zotero\storage\FBWJQ7DB\rfc2784.html:text/html}
}

@online{gre_cisco,
	title = {Generic Routing Encapsulation ({GRE)}},
	url = {http://cisco.com/c/en/us/tech/ip/generic-routing-encapsulation-gre/index.html},
	titleaddon = {Cisco},
	urldate = {2014-03-15},
	file = {Snapshot:C:\Users\Jeremy\AppData\Roaming\Zotero\Zotero\Profiles\hsc2x17t.default\zotero\storage\ZAMEG5EM\index.html:text/html}
}
@online{rfc6864,
	title = {Updated Specification of the {IPv4} {ID} Field},
	url = {http://tools.ietf.org/html/rfc6864},
	author = {{\textless}touch@isi.edu{\textgreater}, Joseph Touch},
	urldate = {2014-03-16},
	file = {Snapshot:C:\Users\Jeremy\AppData\Roaming\Zotero\Zotero\Profiles\hsc2x17t.default\zotero\storage\ZRTII23R\rfc6864.html:text/html}
}
